% This file was created with JabRef 2.7.2.
% Encoding: UTF-8

@CONFERENCE{bai2007geodesic,
  author = {Bai, X. and Sapiro, G.},
  title = {{A geodesic framework for fast interactive image and video segmentation
	and matting}},
  booktitle = {IEEE 11th International Conference on Computer Vision},
  year = {2007},
  pages = {1--8},
  owner = {philip},
  timestamp = {2013.10.04}
}

@INPROCEEDINGS{barnes2010patch,
  author = {Connelly Barnes and Eli Shechtman and Dan B Goldman and Adam Finkelstein},
  title = {The Generalized {PatchMatch} Correspondence Algorithm},
  booktitle = {European Conference on Computer Vision},
  year = {2010},
  month = sep
}

@ARTICLE{chen2013knn,
  author = {Chen, Qifeng and Li, Dingzeyu and Tang, C},
  title = {KNN matting},
  journal = {IEEE Transactions on Pattern Analysis and Machine Intelligence},
  year = {2013},
  volume = {35},
  pages = {2175--2188},
  owner = {philip},
  publisher = {IEEE},
  timestamp = {2013.10.04}
}

@CONFERENCE{chen2013image,
  author = {Chen, Xiaowu and Zou, Dongqing and Zhou, Steven ZhiYing and Zhao,
	Qinping and Tan, Ping},
  title = {Image Matting with Local and Nonlocal Smooth Priors},
  booktitle = {Computer Vision and Pattern Recognition (CVPR), 2013 IEEE Conference
	on},
  year = {2013},
  owner = {philip},
  timestamp = {2013.10.04}
}

@CONFERENCE{chuang2001bayesian,
  author = {Chuang, Y.Y. and Curless, B. and Salesin, D.H. and Szeliski, R.},
  title = {{A bayesian approach to digital matting}},
  booktitle = {IEEE Computer Society Conference on Computer Vision and Pattern Recognition},
  year = {2001},
  volume = {2},
  organization = {IEEE Computer Society; 1999},
  owner = {philip},
  timestamp = {2013.10.04}
}

@INPROCEEDINGS{dai2008motion,
  author = {Dai, Shengyang and Wu, Ying},
  title = {Motion from blur},
  booktitle = {Computer Vision and Pattern Recognition, 2008. CVPR 2008. IEEE Conference
	on},
  year = {2008},
  pages = {1--8},
  organization = {IEEE},
  owner = {philip},
  timestamp = {2013.04.08}
}

@CONFERENCE{duchenne2008segmentation,
  author = {Duchenne, O. and Audibert, J.Y. and Keriven, R. and Ponce, J. and
	Segonne, F.},
  title = {{Segmentation by transduction}},
  booktitle = {IEEE Conference on Computer Vision and Pattern Recognition, 2008.
	CVPR 2008},
  year = {2008},
  pages = {1--8},
  owner = {Philip},
  timestamp = {2010.10.28}
}

@CONFERENCE{grady2005random,
  author = {Grady, L. and Schiwietz, T. and Aharon, S. and Westermann, R.},
  title = {{Random walks for interactive alpha-matting}},
  booktitle = {Proceedings of VIIP},
  year = {2005},
  volume = {2005},
  pages = {423--429},
  organization = {Citeseer},
  owner = {philip},
  timestamp = {2013.10.04}
}

@INPROCEEDINGS{he2010fast,
  author = {He, K. and Sun, J. and Tang, X.},
  title = {Fast matting using large kernel matting laplacian matrices},
  booktitle = {Computer Vision and Pattern Recognition (CVPR), 2010 IEEE Conference
	on},
  year = {2010},
  pages = {2165--2172},
  organization = {IEEE},
  owner = {philip},
  timestamp = {2012.11.01}
}

@INPROCEEDINGS{he2009single,
  author = {He, Kaiming and Sun, Jian and Tang, Xiaoou},
  title = {Single image haze removal using dark channel prior},
  booktitle = {Computer Vision and Pattern Recognition, 2009. CVPR 2009. IEEE Conference
	on},
  year = {2009},
  pages = {1956--1963},
  organization = {IEEE},
  owner = {philip},
  timestamp = {2013.04.08}
}

@ARTICLE{juan2005trimap,
  author = {Juan, O. and Keriven, R.},
  title = {{Trimap segmentation for fast and user-friendly alpha matting}},
  journal = {Variational, Geometric, and Level Set Methods in Computer Vision},
  year = {2005},
  pages = {186--197},
  owner = {philip},
  publisher = {Springer},
  timestamp = {2013.10.04}
}

@CONFERENCE{lee2011nonlocal,
  author = {Lee, P. G. and Wu, Y.},
  title = {Nonlocal Matting},
  booktitle = {2011 IEEE Conference on Computer Vision and Pattern Recognition},
  year = {2011},
  pages = {2193--2200},
  organization = {IEEE},
  owner = {Philip},
  timestamp = {2011.11.09}
}

@ARTICLE{levin2008closed,
  author = {Levin, A. and Lischinski, D. and Weiss, Y.},
  title = {{A closed-form solution to natural image matting}},
  journal = {IEEE Transactions on Pattern Analysis and Machine Intelligence},
  year = {2008},
  volume = {30},
  pages = {228--242},
  number = {2},
  owner = {philip},
  publisher = {Citeseer},
  timestamp = {2012.11.01}
}

@ARTICLE{levin2008spectral,
  author = {Levin, A. and Rav-Acha, A. and Lischinski, D.},
  title = {{Spectral matting}},
  journal = {IEEE Transactions on Pattern Analysis and Machine Intelligence},
  year = {2008},
  volume = {30},
  pages = {1699--1712},
  number = {10},
  owner = {philip},
  timestamp = {2013.10.04}
}

@CONFERENCE{omer2004color,
  author = {Omer, I. and Werman, M.},
  title = {{Color lines: Image specific color representation}},
  booktitle = {IEEE Computer Society Conference on Computer Vision and Pattern Recognition},
  year = {2004},
  volume = {2},
  organization = {IEEE Computer Society; 1999},
  owner = {philip},
  timestamp = {2012.11.05}
}

@CONFERENCE{rhemann2010spatially,
  author = {Rhemann, C. and Rother, C. and Kohli, P. and Gelautz, M.},
  title = {A spatially varying PSF-based prior for alpha matting},
  booktitle = {Computer Vision and Pattern Recognition (CVPR), 2010 IEEE Conference
	on},
  year = {2010},
  pages = {2149--2156},
  organization = {IEEE},
  owner = {Philip},
  timestamp = {2011.11.08}
}

@CONFERENCE{rhemann2008high,
  author = {Rhemann, C. and Rother, C. and Rav-Acha, A. and Sharp, T.},
  title = {{High resolution matting via interactive trimap segmentation}},
  booktitle = {IEEE Conference on Computer Vision and Pattern Recognition, 2008.
	CVPR 2008},
  year = {2008},
  pages = {1--8},
  owner = {philip},
  timestamp = {2013.10.04}
}

@CONFERENCE{rhemann2009perceptually,
  author = {Rhemann, C. and Rother, C. and Wang, J. and Gelautz, M. and Kohli,
	P. and Rott, P.},
  title = {{A perceptually motivated online benchmark for image matting}},
  booktitle = {Proc. CVPR},
  year = {2009},
  pages = {1826--1833},
  organization = {Citeseer},
  owner = {Philip},
  timestamp = {2010.10.28}
}

@ARTICLE{rother2004grabcut,
  author = {Rother, C. and Kolmogorov, V. and Blake, A.},
  title = {{Grabcut: Interactive foreground extraction using iterated graph
	cuts}},
  journal = {ACM Transactions on Graphics (TOG)},
  year = {2004},
  volume = {23},
  pages = {309--314},
  number = {3},
  owner = {Philip},
  publisher = {ACM},
  timestamp = {2010.10.29}
}

@CONFERENCE{singaraju2009new,
  author = {Singaraju, D. and Rother, C. and Rhemann, C.},
  title = {{New appearance models for natural image matting}},
  booktitle = {Computer Vision and Pattern Recognition, 2009. CVPR 2009. IEEE Conference
	on},
  year = {2009},
  pages = {659--666},
  organization = {IEEE},
  publisher = {IEEE},
  owner = {philip},
  timestamp = {2012.11.01}
}

@CONFERENCE{sun2004poisson,
  author = {Sun, J. and Jia, J. and Tang, C.K. and Shum, H.Y.},
  title = {{Poisson matting}},
  booktitle = {International Conference on Computer Graphics and Interactive Techniques},
  year = {2004},
  pages = {315--321},
  organization = {ACM New York, NY, USA},
  owner = {philip},
  timestamp = {2013.10.04}
}

@CONFERENCE{wang2007optimized,
  author = {Wang, J. and Cohen, MF},
  title = {{Optimized color sampling for robust matting}},
  booktitle = {IEEE Conference on Computer Vision and Pattern Recognition, 2007.
	CVPR'07},
  year = {2007},
  pages = {1--8},
  owner = {philip},
  timestamp = {2013.10.04}
}

@CONFERENCE{wang2005iterative,
  author = {Wang, J. and Cohen, M.F.},
  title = {{An iterative optimization approach for unified image segmentation
	and matting}},
  booktitle = {Computer Vision, 2005. ICCV 2005. Tenth IEEE International Conference
	on},
  year = {2005},
  volume = {2},
  pages = {936--943},
  organization = {IEEE},
  owner = {Philip},
  timestamp = {2010.10.29}
}

@CONFERENCE{zheng-learning,
  author = {Zheng, Y. and Kambhamettu, C.},
  title = {{Learning Based Digital Matting}},
  booktitle = {ICCV},
  year = {2009},
  owner = {Philip},
  timestamp = {2010.10.28}
}

@comment{jabref-meta: selector_review:}

@comment{jabref-meta: selector_publisher:}

@comment{jabref-meta: selector_author:}

@comment{jabref-meta: selector_journal:}

@comment{jabref-meta: selector_keywords:}

